@book{ Mazzetti1996,
    title={Praktische Einführung in Neuronale Netze},
    author={Alessandro Mazzetti},
    year={1996},
    publisher={Heise}
}
@book{ Kratzer1991,
    title={Neuronale Netze},
    author={Klaus Peter Kratzer},
    year={1991},
    publisher={Hanser}
} 
@misc{dasgehirn.info,
  author = {Anna Corves},
  title = {www.dasgehirn.info},
  subtitle = {Nervenzellen im Gespräch},
  year = {2012},
  note = {\url{https://www.dasgehirn.info/grundlagen/kommunikation-der-zellen/nervenzellen-im-gespraech}, Letzter Zugriff 21, Oktober 2017},
}
@misc{gehirnlernen.de,
  author = {Andrea Schäfers},
  title = {www.gehirnlernen.de},
  subtitle = {Die einzelne Nervenzelle und wie sie mit anderen kommunizieret},
  subtitle = {Nervenzellen, Reizweiterleitung, Reizverarbeitung},
  note = {\url{https://www.gehirnlernen.de/gehirn/die-einzelne-nervenzelle-und-wie-sie-mit-anderen-kommuniziert/}, Letzter Zugriff 21. Oktober 2017}
}